@Misc{dmSlides5,
  	author = 	 {Tommi, K\"arkk\"ainen},
  	title = 	 {TIES445 Lecture 5},
  	howpublished = {Luentodiat},
	year = {2018}
}

@book{RTR3,
 author = {Tomas Akenine-M\"{o}ller and Eric Haines and Naty Hoffman},
 title = {Real-Time Rendering 3rd Edition},
 year = {2008},
 pages = {1045},
 isbn = {987-1-56881-424-7},
 publisher = {A. K. Peters, Ltd.},
 address = {Natick, MA, USA},
 }

@MastersThesis{maisterityo,
  author = 	 {Etunimi Sukunimi},
  title = 	 {TyÃ¶n otsikko},
  school = 	 {Oppilaitos},
  year = 	 {vuosi},
  OPTkey = 	 {},
  OPTtype = 	 {},
  OPTaddress = 	 {},
  OPTmonth = 	 {},
  OPTnote = 	 {},
  OPTannote = 	 {}
}

@Article{kirj2001,
  author = 	 {Kirjoittaja, Kimmo},
  title = 	 {Artikkelin otsikko},
  journal = 	 {Lehden nimi},
  year = 	 {2001},
  volume = 	 {11},
  pages = 	 {12--45}
}

@InProceedings{kirjtoin2002,
  author = 	 {Kirjoittaja, Kimmo and Toinenkirjoittaja, Torsti},
  title = 	 {Artikkelin otsikko},
  booktitle = {Kirjan otsikko},
  editor = 	 {Toimittaja, Toivo},
  publisher = 	 {Kustantaja},
  year = 	 {2002},
  address = 	 {Paikkakunta},
  pages = 	 {123--456}
 }


@Book{kirjtoinkolm2003,
  author = 	 {Kirjoittaja, Kimmo and Toinenkirjoittaja, Torsti and Kolmaskirjoittaja, Konsta},
  title = 	 {Kirjan otsikko},
  publisher = 	 {Kustantaja},
  year = 	 {2003},
  address = 	 {Paikkakunta}
 }

@Misc{teki2004,
  author = 	 {Tekij\"a, Teppo},
  title = 	 {Sivun tai sivuston otsikko},
  howpublished = {Saatavilla WWW-muodossa, \url{http://www.mit.jyu.fi/}, viitattu 1.1.2004},
year = {2004}
}

@Manual{lapack,
  title = 	 {LAPACK Users' Guide},
  note = 	 {http://www.netlib.org/lapack/}
}

@Article{Ainsworth,
  author = 	 {Ainsworth, M.},
  title = 	 {Discrete dispersion relation for $hp$-version finite element approximation at high wave number},
  journal = 	 {SIAM Journal on numerical analysis},
  year = 	 {2004},
  volume = 	 {42},
  number = 	 {2},
  pages = 	 {553--575}
 }

@Article{bardosrauch,
  author = 	 {Bardos, C. and Rauch, J.},
  title = 	 {Mathematical analysis of control type numerical algorithms for the solution of the {H}elmholtz equation},
  journal = 	 {Asymptotic analysis},
  year = 	 {1994},
  volume = 	 {9},
  pages = 	 {101--117}
}

@InProceedings{noise-prediction,
  author = {Avikainen, T. and Karjalainen, A. and Kaivola, R. and Tanttari, J.},
  title = {Experience and empirical based noise prediction of heavily cooled electronics},
  booktitle = {Ninth International Congress on Sound and Vibration},
  year = {2002},
  address = {Orlando, Florida}
}

@InBook{balay,
  author = 	 {Balay, S. and Gropp, W. D. and McInnes, L. C. and Smith, B. F.},
  editor = 	 {Dongarra, J. and Foster, I. and Fox, G. and Kennedy, K. and
 Torczon, L. and White, A.},
  title = 	 {CRPC Handbook of Parallel Computing},
  chapter = 	 {Software for the scalable solution of PDEs},
  publisher = 	 {Morgan-Kaufmann},
  year = 	 {2000},
  url = {http://citeseer.nj.nec.com/323954.html}
}

@Unpublished{petsc,
  author = 	 {Balay, S. and Buschelman, K. and Gropp, W. D. and Kaushik, D. and McInnes, L. C. and Smith, B. F.},
  title = 	 {{PETSc} kotisivu},
  note = 	 {http://www.mcs.anl.gov/petsc},
  year = 	 {2001}
}